%% This BibTeX bibliography file was created using BibDesk.
%% http://bibdesk.sourceforge.net/


%% Created for Rico Picone at 2015-02-12 18:07:08 -0800 


%% Saved with string encoding Unicode (UTF-8) 



@book{Rowell1997,
	Author = {Derek Rowell and David N. Wormley},
	Date-Added = {2014-03-24 20:21:19 +0000},
	Date-Modified = {2014-03-24 20:21:19 +0000},
	Owner = {Rico},
	Publisher = {Prentice Hall},
	Timestamp = {2010.11.23},
	Title = {System Dynamics: An Introduction},
	Year = {1997}
	}

@book{Ciesielski1997,
	Author = {Ciesielski, K.},
	Date-Added = {2014-03-24 20:21:19 +0000},
	Date-Modified = {2014-03-24 20:21:19 +0000},
	Isbn = {9780521594653},
	Lccn = {97010533},
	Own-Digital = {1},
	Publisher = {Cambridge University Press},
	Series = {London Mathematical Society Student Texts},
	Title = {Set Theory for the Working Mathematician},
	Year = {1997}
	}


@Misc{Fluke2017,
OPTkey = {•},
author = {Fluke Corporation},
title = {Model 87 and 89 Series IV True RMS multimeter},
howpublished = {WEB},
month = {March},
year = {1999},
OPTnote = {},
OPTannote = {•}
}

@Misc{NI2017,
OPTkey = {•},
author = {National Instruments},
title = {NI myRIO-1900 user Guide and Specifications},
howpublished = {WEB},
month = {March},
year = {2017},
OPTnote = {},
OPTannote = {•}
}
